
@article{King_et_al_2000,
  title={Making the Most of Statistical Analyses: Improving Interpretation and Presentation},
  author={King, Gary and Tomz, Michael and Wittenberg, Jason},
  journal={American Journal of Political Science},
  year={2000},
  volume={44},
  number={2},
  pages={347--361},
}
