@article{greenhill_et_al_2011,
  title={The Separation Plot: A New Visual Method for Evaluating the Fit of Binary Models},
  author={Greenhill, Brian and Ward, Michael D. and Sacks, Audrey},
  journal={American Journal of Political Science},
  volume={55},
  number={4},
  pages={991--1002},
  year={2011},
  publisher={Wiley Online Library}
}

@article{fearon_laitin_2003,
  title={Ethnicity, Insurgency, and Civil War},
  author={Fearon, James D. and Laitin, David D.},
  journal={American Political Science Review},
  volume={97},
  number={1},
  pages={75--90},
  year={2003},
  publisher={Cambridge University Press}
}