@article{eck_hultman_2007,
  title={One-Sided Violence Against Civilians in War: Insights from New Fatality Data},
  author={Eck, Kristine and Hultman, Lisa},
  journal={Journal of Peace Research},
  volume={44},
  number={2},
  pages={233--246},
  year={2007},
  publisher={Sage Publications Sage UK: London, England}
}

@article{king_et_al_2000,
  title={Making the Most of Statistical Analyses: Improving Interpretation and Presentation},
  author={King, Gary and Tomz, Michael and Wittenberg, Jason},
  journal={American Journal of Political Science},
  year={2000},
  volume={44},
  number={2},
  pages={347--361},
}

@book{degroot_schervish_2012,
  title={Probability and Statistics},
  author={DeGroot, Morris H. and Schervish, Mark J.},
  year={2012},
  publisher={Addison-Wesley},
  address={4th edition. Boston}
}
@article{scheve2004a,
	title = {Economic Insecurity and the Globalization of Production},
	author = {{Scheve}, {Kenneth} and {Slaughter}, {Matthew J.}},
	year = {2004},
	month = {10},
	date = {2004-10},
	journal = {American Journal of Political Science},
	pages = {662--674},
	volume = {48},
	number = {4},
	doi = {10.1111/j.0092-5853.2004.00094.x},
	url = {http://dx.doi.org/10.1111/j.0092-5853.2004.00094.x},
	langid = {en}
}

@article{cheibub2009,
	title = {Democracy and dictatorship revisited},
	author = {{Cheibub}, {Jos√© Antonio} and {Gandhi}, {Jennifer} and {Vreeland}, {James Raymond}},
	year = {2009},
	month = {08},
	date = {2009-08-26},
	journal = {Public Choice},
	pages = {67--101},
	volume = {143},
	number = {1-2},
	doi = {10.1007/s11127-009-9491-2},
	url = {http://dx.doi.org/10.1007/s11127-009-9491-2},
	langid = {en}
}

@article{king2000,
	title = {Making the Most of Statistical Analyses: Improving Interpretation and Presentation},
	author = {{King}, {Gary} and {Tomz}, {Michael} and {Wittenberg}, {Jason}},
	year = {2000},
	month = {04},
	date = {2000-04},
	journal = {American Journal of Political Science},
	pages = {347},
	volume = {44},
	number = {2},
	doi = {10.2307/2669316},
	url = {http://dx.doi.org/10.2307/2669316}
}

@article{johnson2012,
	title = {J.M. HILBE (2011) Negative Binomial Regression, second edition.},
	author = {{Johnson}, {Timothy R.}},
	year = {2012},
	month = {03},
	date = {2012-03-28},
	journal = {Psychometrika},
	pages = {611--612},
	volume = {77},
	number = {3},
	doi = {10.1007/s11336-012-9263-7},
	url = {http://dx.doi.org/10.1007/s11336-012-9263-7},
	langid = {en}
}

@article{hilbe2009,
	title = {Negative Binomial Regression},
	author = {{Hilbe}, {Joseph M.}},
	year = {2009},
	date = {2009},
	doi = {10.1017/cbo9780511973420},
	url = {http://dx.doi.org/10.1017/cbo9780511973420}
}

@article{reuter2017,
	title = {Elite Defection Under Autocracy: Evidence from Russia},
	author = {{Reuter}, {Ora John} and {Szakonyi}, {David}},
	year = {2017},
	date = {2017},
	journal = {SSRN Electronic Journal},
	doi = {10.2139/ssrn.3046900},
	url = {http://dx.doi.org/10.2139/ssrn.3046900},
	langid = {en}
}

@article{reuter2019,
	title = {Elite Defection under Autocracy: Evidence from Russia},
	author = {{REUTER}, {ORA JOHN} and {SZAKONYI}, {DAVID}},
	year = {2019},
	month = {03},
	date = {2019-03-06},
	journal = {American Political Science Review},
	pages = {552--568},
	volume = {113},
	number = {2},
	doi = {10.1017/s0003055419000030},
	url = {http://dx.doi.org/10.1017/S0003055419000030},
	langid = {en}
}
