@article{eck_hultman_2007,
  title={One-Sided Violence Against Civilians in War: Insights from New Fatality Data},
  author={Eck, Kristine and Hultman, Lisa},
  journal={Journal of Peace Research},
  volume={44},
  number={2},
  pages={233--246},
  year={2007},
  publisher={Sage Publications Sage UK: London, England}
}

@article{king_et_al_2000,
  title={Making the Most of Statistical Analyses: Improving Interpretation and Presentation},
  author={King, Gary and Tomz, Michael and Wittenberg, Jason},
  journal={American Journal of Political Science},
  year={2000},
  volume={44},
  number={2},
  pages={347--361},
}

@book{degroot_schervish_2012,
  title={Probability and Statistics},
  author={DeGroot, Morris H. and Schervish, Mark J.},
  year={2012},
  publisher={Addison-Wesley},
  address={4th edition. Boston}
}