@article{eck_hultman_2007,
  title={One-Sided Violence Against Civilians in War: Insights from New Fatality Data},
  author={Eck, Kristine and Hultman, Lisa},
  journal={Journal of Peace Research},
  volume={44},
  number={2},
  pages={233--246},
  year={2007},
  publisher={Sage Publications Sage UK: London, England}
}

@article{ulmer_1982,
  title={Supreme Court Appointments as a Poisson Distribution},
  author={Ulmer, Sidney S.},
  journal={American Journal of Political Science},
  volume={26},
  number={1},
  pages={90--112},
  year={1982}
}